@online{SBT,
 author = "Chen Qifeng",
 title = "Size Balanced Tree",
 year = "2006",
 url = {http://www.scribd.com/doc/3072015/},
 lastaccessed = "April 19, 2025"
}
@online{RBT-Coq,
  author = "Andrew W. Appel and Pierre Letouzey",
  title = "MSetRBT : Implementation of MSetInterface via Red-Black trees",
  year = 2011,
  url = {https://coq.inria.fr/doc/v8.20/stdlib/Coq.MSets.MSetRBT.html},
  lastaccessed = "April 19, 2025"
}
@online{RBT-Lean,
  author = "Leonardo de Moura and Mario Carneiro",
  title = "Red-black trees",
  url = {https://leanprover-community.github.io/mathlib4_docs/Batteries/Data/RBMap/Basic.html},
  lastaccessed = "April 19, 2025"
}
@online{AVL-Coq,
  title = "MSetAVL : Implementation of MSetInterface via AVL trees",
  url = {https://coq.inria.fr/doc/v8.20/stdlib/Coq.MSets.MSetAVL.html},
  lastaccessed = "April 19, 2025"
}
@online{rocq-archive,
  title = "fsets",
  url = {https://github.com/rocq-archive/fsets},
  lastaccessed = "April 19, 2025"
}
@mastersthesis{AVL-Lean,
  type = {Bachelor's Thesis},
  author = "Sofia Konovalova",
  title = "Verifying AVL Trees in Lean",
  year = 2021,
  school = "Vrije Universiteit Amsterdam",
  url = {https://lean-forward.github.io/pubs/konovalova_bsc_thesis.pdf},
}
@online{AVL-ssreflect,
  author = "Alex Gryzlov",
  title = "Functional Data Structures and Algorithms in SSReflect",
  url = {https://github.com/rocq-community/fav-ssr},
  lastaccessed = "April 19, 2025"
}
@online{AVL-Coq-fail,
  author = "Baharak Saberidokht",
  title = "coq-AVL",
  year = 2014,
  url = {https://github.com/baharak/coq-AVL},
  lastaccessed = "April 19, 2025"
}
@online{AVL-height-proof,
  author = "Alin Tomescu",
  title = "AVL trees height proof",
  year = 2014,
  url = {https://people.csail.mit.edu/alinush/6.006-spring-2014/avl-height-proof.pdf},
  lastaccessed = "April 19, 2025"
}
@online{FMapFullAVL,
  title = "FMapFullAVL",
  url = {https://rocq-prover.org/doc/v8.20/stdlib/Coq.FSets.FMapFullAVL.html},
  lastaccessed = "April 19, 2025"
}
